<?xml version="1.0" encoding="UTF-8"?><collection xmlns="http://www.loc.gov/MARC21/slim"><record><leader>00629nam--2200193-i-4500</leader><controlfield tag="001">000024740</controlfield><controlfield tag="002">20161230</controlfield><controlfield tag="005">20161230201035</controlfield><controlfield tag="008">060222s1000------------r-----000-0-eng-d</controlfield><datafield ind1=" " ind2=" " tag="020"><subfield code="a">997150197X</subfield></datafield><datafield ind1=" " ind2=" " tag="040"><subfield code="a">IFIN-HH</subfield></datafield><datafield ind1=" " ind2=" " tag="080"><subfield code="a">537.222.22(061.3)</subfield></datafield><datafield ind1="1" ind2=" " tag="100"><subfield code="a">Engstrom, Olof</subfield></datafield><datafield ind1="1" ind2="0" tag="245"><subfield code="a">The physics of semiconductors</subfield><subfield code="b">18th international conference on the physics of semiconductors stockholm, sweeden, august 11-15, 1986</subfield><subfield code="c">Olof engstrom (ed.)</subfield></datafield><datafield ind1=" " ind2=" " tag="260"><subfield code="a">Singapore</subfield><subfield code="b">World Scientific</subfield><subfield code="c">1987</subfield></datafield><datafield ind1=" " ind2=" " tag="300"><subfield code="a">TWO VOLUMES</subfield></datafield><datafield ind1=" " ind2=" " tag="787"><subfield code="a">Volume 2</subfield><subfield code="h">Xxvi+/782p./1891p</subfield></datafield><datafield ind1=" " ind2=" " tag="852"><subfield code="a">74734</subfield><subfield code="c">537.311.33</subfield></datafield><datafield ind1=" " ind2=" " tag="CAT"><subfield code="a">Sys</subfield><subfield code="c">20110728</subfield><subfield code="h">145338</subfield></datafield></record></collection>